<record><leader>00000cas a22000007a 4500</leader><controlfield tag="001">19005425</controlfield><controlfield tag="008">890111d19461946mduwr ne      0    0eng d</controlfield><datafield ind1=" " ind2=" " tag="010"><subfield code="a">sn 89060001 </subfield></datafield><datafield ind1=" " ind2=" " tag="040"><subfield code="a">MFN</subfield><subfield code="b">eng</subfield><subfield code="c">MFN</subfield><subfield code="d">OCLCQ</subfield></datafield><datafield ind1=" " ind2=" " tag="042"><subfield code="a">msc</subfield></datafield><datafield ind1="0" ind2="0" tag="245"><subfield code="a">College Park news.</subfield></datafield><datafield ind1=" " ind2=" " tag="260"><subfield code="a">College Park, Md. :</subfield><subfield code="b">Consolidated Pub. Co.</subfield></datafield><datafield ind1=" " ind2=" " tag="300"><subfield code="a">v.</subfield></datafield><datafield ind1=" " ind2=" " tag="310"><subfield code="a">Weekly</subfield></datafield><datafield ind1="0" ind2=" " tag="362"><subfield code="a">Vol. 1, no. 1 (Feb. 15, 1946)-v. 1, no. 7 (Mar. 29, 1946).</subfield></datafield><datafield ind1=" " ind2=" " tag="515"><subfield code="a">Numbering is irregular.</subfield></datafield><datafield ind1=" " ind2=" " tag="752"><subfield code="a">United States</subfield><subfield code="b">Maryland</subfield><subfield code="c">Prince George's</subfield><subfield code="d">College Park.</subfield></datafield><datafield ind1="0" ind2="7" tag="785"><subfield code="t">Leader (Laurel, Md.)</subfield><subfield code="w">(DLC)sn 83047107</subfield></datafield><datafield ind1="0" ind2="7" tag="785"><subfield code="t">News leader (Laurel, Md.)</subfield><subfield code="w">(DLC)sn 89061514</subfield></datafield></record>